@string{CPC = "Comp. Phys. Comm."}
@string{PRA = "Phys. Rev. A"}
@string{JPB = "J. Phys. B"}
@string{MNRAS = "Mon. Not. R. Astron. Soc."}
@string{JOSA = "J. Opt. Soc. Ame."}
@string{JQSRT = "J. Quant. Spect. Rad. Trans."}
@string{ADNDT = "Atom. Data Nucl. Data Tables"}
@string{AAMP = "Adv. Atom. Mol. Phys."}
@string{AA = "Astron. Astrophys."}
@string{AAS = "Astron. Astrophys. Suppl."}
@string{APJS = "ApJ. Suppl."}
@string{APJ = "ApJ."}
@string{PSCR = "Phys. Scr."}
@string{JPCRD = "J. Phys. Chem. Ref. Data"}

@article{ gu02a,
  author = "M. F. Gu",
  title = {},
  year = {2002a},
  note = {submitted.}
}  

@article{ gu02b,
  author = "M. F. Gu",
  title = {},
  year = {2002b},
  note = {submitted.}
}  

@article{ gu02c,
  author = "M. F. Gu",
  title = {},
  year = {2002c},
  note = {submitted.}
}  

@article{ gu02d,
  author = "M. F. Gu",
  title = {},
  year = {2002d},
  note = {submitted.}
}  

@article{ hibbert75,
  author = "A. Hibbert",
  title  = {},
  year   = {1975},
  journal= CPC,
  volume = {9},
  number = {},
  pages  = {141}
}

@article{ eissner74,
  author = "W. Eissner and M. Jones and H. Nussbaumer",
  title  = {},
  year   = {1974},
  journal= CPC,
  volume = {8},
  number = {},
  pages  = {270}
}

@book{ fischer00,
  author = {Froese Fischer, C.  and T. Brage and P. Jonsson},
  editor = {},
  title  = {Computational Atomic Physics: An MCHF Approach},
  publisher = {Institute of Physics Publishing, Bristol},
  year = {2000},
  edition = {}
}

@article{ grant80,
  author = "I. P. Grant and B. J. Mckenzie and P. H. Norrington and D. F. Mayers and N. C. Pyper",
  title  = {},
  year   = {1980},
  journal= CPC,
  volume = {21},
  number = {},
  pages  = {207}
}


@book{ cowan81,
  author = {R. D. Cowan},
  editor = {},
  title  = {Theory of Atomic Structure and Spectra},
  publisher = {University of California Press, Berkeley},
  year = {1981},
  edition = {}
}

@book{ Amusia97,
  author = {M. Y. Amusia and L. V. Chernysheva},
  editor = {},
  title  = {Computation of Atomic Processes: A Handbook For ATOM Programs},
  publisher = {Institute of Physics Publishing, Bristol},
  year = {1997},
  edition = {}
}

@article{ klapisch77,
  author = "M. Klapisch and J. L. Schwob and B. S. Fraenkel and J. Oreg",
  title  = {},
  year   = {1977},
  journal= JOSA,
  volume = {67},
  number = {},
  pages  = {148}
}

@article{ barshalom88,
  author = "A. Bar-Shalom and M. Klapisch and J. Oreg",
  title  = {},
  year   = {1988},
  journal= PRA,
  volume = {38},
  number = {},
  pages  = {1773}
}

@article{ barshalom01,
  author = "A. Bar-Shalom and M. Klapisch and J. Oreg",
  title  = {},
  year   = {2001},
  journal= JQSRT,
  volume = {71},
  number = {},
  pages  = {169}
}

@article{ sampson89,
  author = "D. H. Sampson and H. L. Zhang and A. K. Mohanty and R. E. H. Clark",
  title  = {},
  year   = {1989},
  journal= PRA,
  volume = {40},
  number = {},
  pages  = {604}
}

@article{ zhang89,
  author = "H. L. Zhang and D. H. Sampson and A. K. Mohanty",
  title  = {},
  year   = {1989},
  journal= PRA,
  volume = {40},
  number = {},
  pages  = {616}
}

@article{ chernysheva99,
  author = "L. V. Chernysheva and V. L. Yakhontov",
  title  = {},
  year   = {1999},
  journal= CPC,
  volume = {119},
  number = {},
  pages  = {232}
}

@article{ grant76,
  author = "I. P. Grant",
  title  = {},
  year   = {1976},
  journal= CPC,
  volume = {11},
  number = {},
  pages  = {397}
}

@article{ gaigalas97,
  author = "G. Gaigalas and Z. Rudzikas and C. Froese Fischer",
  title  = {},
  year   = {1997},
  journal= JPB,
  volume = {30},
  number = {},
  pages  = {3747}
}

@article{ gaigalas01,
  author = "G. Gaigalas and S. Fritzsche and I. P. Grant",
  year = {2001},
  journal = CPC,
  volume = {139},
  pages = {263}
}

@book{ judd67,
  author = {B. R. Judd},
  editor = {},
  title  = {Second Quantization in Atomic Spectroscopy},
  publisher = {Johns Hopkins Press, Baltimore},
  year = {1967},
  edition = {}
}

@article{ grant74,
  author = "I. P. Grant",
  title  = {},
  year   = {1974},
  journal= JPB,
  volume = {7},
  number = {},
  pages  = {1458}
}

@article{ seaton75,
  author = "M. J. Seaton",
  title = {},
  year = {1975},
  journal = AAMP,
  volume = {11},
  number = {},
  pages  = {83}
}  

@article{ seaton58,
  author = "M. J. Seaton",
  title = {},
  year = {1958},
  journal = MNRAS,
  volume = {118},
  number = {},
  pages  = {504}
}  

@article{ thompson85,
  author = "I. J. Thompson and A. R. Barnett",
  title = {},
  year = {1985},
  journal = CPC,
  volume = {36},
  number = {},
  pages  = {363}
} 

@article{ berrington95,
  author = "K. A. Berrington and W. B. Eissner and P. H. Norrington",
  title = {},
  year = {1995},
  journal = CPC,
  volume = {92},
  number = {},
  pages  = {290}
}  

@article{ eissner72,
  author = "W. B. Eissner and M. J. Seaton",
  title = {},
  year = {1972},
  journal = JPB,
  volume = {5},
  number = {},
  pages  = {2187}
}  

@article{ hagelstein87,
  author = "P. L. Hagelstein and R. K. Jung",
  title = {},
  year = {1987},
  journal = ADNDT,
  volume = {37},
  number = {},
  pages  = {121}
}  

@article{ burgess74,
  author = "A. Burgess and V. B. Sheorey",
  title = {},
  year = {1974},
  journal = JPB,
  volume = {7},
  number = {},
  pages  = {2403}
}  

@article{ chen96,
  author = "G. Chen",
  title = {},
  year = {1996},
  journal = PRA,
  volume = {53},
  number = {},
  pages  = {3227}
}  

@article{ chen98,
  author = "G. Chen and P. P. Ong",
  title = {},
  year = {1998},
  journal = PRA,
  volume = {58},
  number = {},
  pages  = {1183}
}  
@article{ eissner98,
  author = "W. B. Eissner",
  title = {},
  year = {1998},
  journal = CPC,
  volume = {114},
  number = {},
  pages  = {295}
}  

@article{ hummer93,
  author = "D. G. Hummer and K. A. Berrington and W. B. Eissner and A. K. Pradhan and H. E. Saraph and J. A. Tully",
  title = {},
  year = {1993},
  journal = AA,
  volume = {279},
  number = {},
  pages  = {298}
}  

@article{ zhang98,
  author = "H. L. Zhang",
  title = {},
  year = {1998},
  journal = PRA,
  volume = {57},
  number = {},
  pages  = {2640}
}  

@article{ zhang90,
  author = "H. L. Zhang and D. H. Sampson",
  title = {},
  year = {1990},
  journal = PRA,
  volume = {42},
  number = {},
  pages  = {5378}
}  

@article{ fontes93,
  author = "C. Fontes and D. H. Sampson and H. L. Zhang",
  title = {},
  year = {1993},
  journal = PRA,
  volume = {48},
  number = {},
  pages  = {1975}
}  

@article{ reilman79,
  author = "R. F. Reilman and S. T. Manson",
  title = {},
  year = {1979},
  journal = APJS,
  volume = {40},
  number = {},
  pages  = {815}
}  

@article{ clark86,
  author = "R. E. H. Clark and R. D. Cowan and F. W. Borrowicz",
  title = {},
  year = {1986},
  journal = ADNDT,
  volume = {34},
  number = {},
  pages  = {415}
}  

@article{ verner93,
  author = "D. A. Verner and D. G. Yokovlev and I. M. Band and M. B. Trzhaskovskaya",
  title = {},
  year = {1993},
  journal = ADNDT,
  volume = {55},
  number = {},
  pages  = {233}
}  

@article{ seaton87,
  author = "M. J. Seaton",
  title = {},
  year = {1987},
  journal = JPB,
  volume = {20},
  number = {},
  pages  = {6363}
}  

@article{ savin99,
  author = "D. W. Savin and S. M. Kahn and J. Linkemann and A. A. Saghiri and M. Schmitt and M. Grieser and R. Repnow and D. Schwalm and A. Wolf and T. Bartsch and C. Brandau and A. Hoffknecht and A. M{\"u}ller and S. Schippers and M. H. Chen and N. R. Badnell",
  title = {},
  year = {1999},
  journal = APJS,
  volume = {123},
  number = {},
  pages  = {687}
}  

@article{ pindzola80,
  author = "M. S. Pindzola and S. L. Carter",
  title = {},
  year = {1980},
  journal = PRA,
  volume = {22},
  number = {},
  pages  = {898}
}  

@article{ kim87,
  author = "Y. K. Kim and J. P. Desclaux",
  title = {},
  year = {1987},
  journal = PSCR,
  volume = {36},
  number = {},
  pages  = {796}
}  

@article{ oreg91,
  author = "J. Oreg and W. H. Goldstein and M. Klapisch and A. Bar-Shalom",
  title = {},
  year = {1991},
  journal = PRA,
  volume = {44},
  number = {},
  pages  = {1750}
}  

@article{ behar95,
  author = "E. Behar and P. Mandelbaum and J. L. Schwob and A. Bar-Shalom and J. Oreg and W. H. Goldstein",
  title = {},
  year = {1995},
  journal = PRA,
  volume = {52},
  number = {},
  pages  = {3770}
}  

@article{ behar96,
  author = "E. Behar and P. Mandelbaum and J. L. Schwob and A. Bar-Shalom and J. Oreg and W. H. Goldstein",
  title = {},
  year = {1996},
  journal = PRA,
  volume = {54},
  number = {},
  pages  = {3070}
}  

@article{ pradhan01,
  author = "A. K. Pradhan and S. N. Nahar and H. L. Zhang",
  title = {},
  year = {2001},
  journal = APJ,
  volume = {549},
  number = {},
  pages  = {L265}
}  

@article{ younger80,
  author = "S. M. Younger",
  title = {},
  year = {1980},
  journal = PRA,
  volume = {22},
  number = {},
  pages  = {111}
}  

@article{ pindzola88,
  author = "M. S. Pindzola and M. J. Buie",
  title = {},
  year = {1988},
  journal = PRA,
  volume = {37},
  number = {},
  pages  = {3232}
}  

@article{ sampson91,
  author = "D. H. Sampson and H. L. Zhang",
  title = {},
  year = {1991},
  journal = PRA,
  volume = {45},
  number = {},
  pages  = {1657}
}  

@article{ arnaud85,
  author = "M. Arnaud and R. Rothenflug",
  title = {},
  year = {1985},
  journal = AAS,
  volume = {60},
  number = {},
  pages  = {425}
} 

@article{ arnaud92,
  author = "M. Arnaud and J. Raymond",
  title = {},
  year = {1992},
  journal = APJ,
  volume = {398},
  number = {},
  pages  = {394}
} 

@article{ younger82,
  author = "S. M. Younger",
  title = {},
  year = {1982},
  journal = JQSRT,
  volume = {27},
  number = {},
  pages  = {541}
} 

@techreport{ bailey93,
  author = "D. H. Bailey",
  title = {A Portable High Performance Multiprecision Package},
  year = {1993},
  number = {RNR-90-022},
  institution = {NASA Ames Research Center}
} 

@article{ sugar85,
  author = "J. Sugar and C. Corliss",
  year = {1985},
  journal = JPCRD,
  volume = {14},
  pages = {Suppl. 2}
}

@article{ cheng79,
  author = "K. T. Cheng and Y. K. Kim and J. P. Desclaux",
  year = {1979},
  journal = ADNDT,
  volume = {24},
  pages = {1111}
}

@article{ fuhr88,
  author = "J. R. Fuhr and G. A. Martin and W. L. Wiese",
  year = {1988},
  journal = JPCRD,
  volume = {17},
  pages = {suppl. 4}
}

@article{ zhang00,
  author = "H. L. Zhang and A. K. Pradhan",
  year = {2000},
  journal = MNRAS,
  volume = {313},
  pages = {13}
}

@article{ savin02,
  author = "D. W. Savin and E. Behar and S. M. Kahn and J. Linkemann and G. Gwinner and A. A. Saghiri and M. Schmitt and M. Grieser and R. Repnow and D. Schwalm and A. Wolf and T. Bartsch and A. M{\"u}ller and S. Schippers and N. R. Badnell and M. H. Chen and T. W. Gorczyca",
  year = {2002},
  journal = APJS,
  volume = {138},
  pages  = {337}
}  

@article{ storey91,
  author = "P. J. Storey and D. G. Hummer",
  year = {1991},
  journal = CPC,
  volume = {66},
  pages = {129}
}

@article{ kim94,
  author = "Y. Kim and M. E. Rudd",
  year = {1994},
  journal = PRA,
  volume = {50},
  pages = {3954}
}

@article{ golden77,
  author = "L. B. Golden and D. H. Sampson",
  year = {1977},
  journal = JPB,
  volume = {10},
  pages = {2229}
}

@article{ golden80,
  author = "L. B. Golden and D. H. Sampson",
  year = {1980},
  journal = JPB,
  volume = {13},
  pages = {2645}
}